@article{RN91,
   title = {<Government report-final submission to DfT.pdf>},
   type = {Journal Article}
}

@article{RN169,
   author = {Apte, Joshua S and Messier, Kyle P and Gani, Shahzad and Brauer, Michael and Kirchstetter, Thomas W and Lunden, Melissa M and Marshall, Julian D and Portier, Christopher J and Vermeulen, Roel CH and Hamburg, Steven P},
   title = {High-resolution air pollution mapping with Google street view cars: exploiting big data},
   journal = {Environmental science technology},
   volume = {51},
   number = {12},
   pages = {6999-7008},
   ISSN = {0013-936X},
   year = {2017},
   type = {Journal Article}
}

@article{RN73,
   author = {Apte, J. S. and Messier, K. P. and Gani, S. and Brauer, M. and Kirchstetter, T. W. and Lunden, M. M. and Marshall, J. D. and Portier, C. J. and Vermeulen, R. C. H. and Hamburg, S. P.},
   title = {High-Resolution Air Pollution Mapping with Google Street View Cars: Exploiting Big Data},
   journal = {Environ Sci Technol},
   volume = {51},
   number = {12},
   pages = {6999-7008},
   ISSN = {1520-5851 (Electronic)
0013-936X (Linking)},
   DOI = {10.1021/acs.est.7b00891},
   url = {https://www.ncbi.nlm.nih.gov/pubmed/28578585},
   year = {2017},
   type = {Journal Article}
}

@onlinedatabase{RN165,
   author = {Authority, Greater London},
   title = {Air Quality Data: London Atmospheric Emissions Inventory (LAEI) of Work},
   url = {https://data.london.gov.uk/air-quality/},
   year = {2016},
   type = {Online Database}

}

@onlinedatabase{RN164,
   author = {Authority, Greater London},
   title = {London Energy and Greenhouse Gas Inventory (LEGGI) of Work},
   url = {https://data.london.gov.uk/dataset/leggi},
   year = {2017},
   type = {Online Database}

}

@article{RN170,
   author = {Bauer, Gordon S and Greenblatt, Jeffery B and Gerke, Brian F},
   title = {Cost, energy, and environmental impact of automated electric taxi fleets in Manhattan},
   journal = {Environmental science technology},
   volume = {52},
   number = {8},
   pages = {4920-4928},
   ISSN = {0013-936X},
   year = {2018},
   type = {Journal Article}
}

@inproceedings{RN150,
   author = {Bousonville, Thomas and Dirichs, Martin and Krüger, Thilo},
   title = {Estimating truck fuel consumption with machine learning using telematics, topology and weather data},
   booktitle = {International Conference on Industrial Engineering and Systems Management (IESM)},
   publisher = {IEEE},
   pages = {1-6},
   ISBN = {1728115663},
   type = {Conference Proceedings}
}

@article{RN142,
   author = {Browne, Michael and Allen, Julian and Nemoto, Toshinori and Patier, Daniele and Visser, Johan},
   title = {Reducing social and environmental impacts of urban freight transport: A review of some major cities},
   journal = {Procedia-Social Behavioral Sciences},
   volume = {39},
   pages = {19-33},
   ISSN = {1877-0428},
   year = {2012},
   type = {Journal Article}
}

@article{RN143,
   author = {Campbell, James F},
   title = {Using small trucks to circumvent large truck restrictions: impacts on truck emissions and performance measures},
   journal = {Transportation Research Part A: Policy Practice},
   volume = {29},
   number = {6},
   pages = {445-458},
   ISSN = {0965-8564},
   year = {1995},
   type = {Journal Article}
}

@article{RN181,
   author = {Castro, Jun T and Kuse, Hirohito},
   title = {Impacts of large truck restrictions in freight carrier operations in Metro Manila},
   journal = {Journal of the Eastern Asia Society for Transportation Studies},
   volume = {6},
   pages = {2947-2962},
   ISSN = {1881-1124},
   year = {2005},
   type = {Journal Article}
}

@article{RN154,
   author = {Castro, Jun T and Kuse, Hirohito and Hyodo, Tetsuro},
   title = {A study on the impact and effectiveness of the truck ban scheme in Metro Manila},
   journal = {Journal of the Eastern Asia Society for Transportation Studies},
   volume = {5},
   pages = {2177-2192},
   year = {2003},
   type = {Journal Article}
}

@article{RN90,
   author = {Chen, Xiaodong and Wu, Ge and Li, Ding},
   title = {Efficiency measure on the truck restriction policy in China: A non-radial data envelopment model},
   journal = {Transportation Research Part A: Policy and Practice},
   volume = {129},
   pages = {140-154},
   ISSN = {09658564},
   DOI = {10.1016/j.tra.2019.08.010},
   year = {2019},
   type = {Journal Article}
}

@onlinedatabase{RN180,
   author = {CHINATRUCK.ORG},
   title = {Truck restriction policies of Work},
   url = {https://www.chinatruck.org/news/201807/61_77662.html},
   year = {2018},
   type = {Online Database}

}

@inproceedings{RN155,
   author = {Crist, P and Greer, E and Ratti, C and Humanes, P and Konzett, G and Tijink, J and Figuero, D and Lax, R},
   title = {Big Data and Transport: Understanding and assessing options},
   booktitle = {International Transport Forum Data Base},
   type = {Conference Proceedings}
}

@article{RN140,
   author = {Dablanc, Laetitia and Montenon, Antoine},
   title = {Impacts of environmental access restrictions on freight delivery activities: Example of low emissions zones in europe},
   journal = {Transportation Research Record},
   volume = {2478},
   number = {1},
   pages = {12-18},
   ISSN = {0361-1981},
   year = {2015},
   type = {Journal Article}
}

@article{RN77,
   author = {de Oliveira Neto, Geraldo Cardoso and Costa, Ivanir and de Sousa, Washington Carvalho and Amorim, Marlene Paula Castro and Godinho Filho, Moacir},
   title = {Adoption of a telemetry system by a logistics service provider for road transport of express cargo: a case study in Brazil},
   journal = {International Journal of Logistics Research and Applications},
   volume = {22},
   number = {6},
   pages = {592-613},
   ISSN = {1367-5567
1469-848X},
   DOI = {10.1080/13675567.2018.1564253},
   year = {2019},
   type = {Journal Article}
}

@onlinedatabase{RN171,
   author = {Defra},
   title = {UK Department for Transport Defra Greenhouse Gas Conversion Factor Repository of Work},
   year = {2017},
   type = {Online Database}

}

@article{RN156,
   author = {Duan, Ning and Gao, Peng and HU, Guo Qiang and Li, Kai and Wang, Zhi Hu and Zhang, Xin},
   title = {Cognitive approach to identifying environmental risk from incomplete telematics data and claim data},
   journal = {U.S. Patent Application},
   year = {2019},
   type = {Journal Article}
}

@onlinedatabase{RN160,
   author = {ENERGY.GOV},
   title = {Telematics Data Parameters and Fleet Management Applications of Work},
   year = {2018},
   type = {Online Database}

}

@article{RN58,
   author = {Figliozzi, Miguel Andres},
   title = {The impacts of congestion on time-definitive urban freight distribution networks CO2 emission levels: Results from a case study in Portland, Oregon},
   journal = {Transportation Research Part C: Emerging Technologies},
   volume = {19},
   number = {5},
   pages = {766-778},
   ISSN = {0968090X},
   DOI = {10.1016/j.trc.2010.11.002},
   year = {2011},
   type = {Journal Article}
}

@article{RN166,
   author = {Furtado, F},
   title = {Towards road freight decarbonisation: trends, measures and policies},
   journal = {International Transport Forum},
   year = {2018},
   type = {Journal Article}
}

@article{RN182,
   author = {Guo, Hui and Sung, Hung-Ming and Dai, Wei and Zhang, Qing-Yu},
   title = {Development of high-resolution motor vehicle emission inventories for city-wide air quality impact analysis in China},
   journal = {Trinity Consultants Inc/College of Environmental Resource Sciences},
   year = {2004},
   type = {Journal Article}
}

@article{RN149,
   author = {He, Zhengbing and Zheng, Liang and Chen, Peng and Guan, Wei},
   title = {Mapping to cells: a simple method to extract traffic dynamics from probe vehicle data},
   journal = {Computer‐Aided Civil and Infrastructure Engineering},
   volume = {32},
   number = {3},
   pages = {252-267},
   ISSN = {1093-9687},
   year = {2017},
   type = {Journal Article}
}

@article{RN53,
   author = {Holguín-Veras, José and Encarnación, Trilce and González-Calderón, Carlos A. and Winebrake, James and Wang, Cara and Kyle, Sofia and Herazo-Padilla, Nilson and Kalahasthi, Lokesh and Adarme, Wilson and Cantillo, Víctor and Yoshizaki, Hugo and Garrido, Rodrigo},
   title = {Direct impacts of off-hour deliveries on urban freight emissions},
   journal = {Transportation Research Part D: Transport and Environment},
   volume = {61},
   pages = {84-103},
   ISSN = {13619209},
   DOI = {10.1016/j.trd.2016.10.013},
   year = {2018},
   type = {Journal Article}
}

@onlinedatabase{RN172,
   author = {INRIX},
   title = { London Congestion Trends of Work},
   year = {2016},
   type = {Online Database}

}

@article{RN60,
   author = {Kellner, Florian},
   title = {Exploring the impact of traffic congestion on CO2 emissions in freight distribution networks},
   journal = {Logistics Research},
   volume = {9},
   number = {1},
   ISSN = {1865-035X
1865-0368},
   DOI = {10.1007/s12159-016-0148-5},
   year = {2016},
   type = {Journal Article}
}

@article{RN152,
   author = {Kijewska, K and Iwan, S},
   title = {Utilization of portable traffic detectors as the support for the data collection process in city logistics systems},
   journal = {Archives of Transport System Telematics},
   volume = {12},
   ISSN = {1899-8208},
   year = {2019},
   type = {Journal Article}
}

@inbook{RN87,
   author = {Kijewska, Kinga and Małecki, Krzysztof and Iwan, Stanisław},
   title = {Analysis of Data Needs and Having for the Integrated Urban Freight Transport Management System},
   booktitle = {Challenge of Transport Telematics},
   series = {Communications in Computer and Information Science},
   chapter = {Chapter 12},
   pages = {135-148},
   ISBN = {978-3-319-49645-0
978-3-319-49646-7},
   DOI = {10.1007/978-3-319-49646-7_12},
   year = {2016},
   type = {Book Section}
}

@article{RN144,
   author = {Kouridis, Chariton and Ntziachristos, Leonidas and Samaras, Zissis},
   title = {COPERT III: Computer Programme to Calculate Emissions from Road Transport: User Manual (version 2.1)},
   journal = {European Environment Agency},
   year = {2000},
   type = {Journal Article}
}

@misc{RN59,
   DOI= {10.4271/2018-01-1083},
   year = {2018},
   type = {Conference Paper}
}

@inproceedings{RN162,
   author = {Lee, Junghoon},
   title = {Traffic information processing using the location history data on the vehicular telematics system},
   booktitle = {International Conference on Electrical Engineering/Electronics, Computer, Telecommunications and Information Technology},
   publisher = {IEEE},
   volume = {2},
   pages = {756-759},
   ISBN = {1424433878},
   type = {Conference Proceedings}
}

@inproceedings{RN158,
   author = {Lee, Junghoon and Park, Gyung-Leen},
   title = {Design and implementation of a movement history analysis framework for the taxi telematics system},
   booktitle = {Asia-Pacific Conference on Communications},
   publisher = {IEEE},
   pages = {1-4},
   ISBN = {4885522323},
   type = {Conference Proceedings}
}

@inproceedings{RN163,
   author = {Lee, Seung-Heon and Lee, Byung-Wook and Yang, Young-Kyu},
   title = {Estimation of link speed using pattern classification of GPS probe car data},
   booktitle = {International Conference on Computational Science and Its Applications},
   publisher = {Springer},
   pages = {495-504},
   type = {Conference Proceedings}
}

@article{RN177,
   author = {Liu, Haobing and Kim, Daejin},
   title = {Simulating the uncertain environmental impact of freight truck shifting programs},
   journal = {Atmospheric Environment},
   volume = {214},
   pages = {116847},
   ISSN = {1352-2310},
   year = {2019},
   type = {Journal Article}
}

@article{RN78,
   author = {Liu, Jun and Khattak, Asad and Wang, Xin},
   title = {A comparative study of driving performance in metropolitan regions using large-scale vehicle trajectory data: Implications for sustainable cities},
   journal = {International Journal of Sustainable Transportation},
   volume = {11},
   number = {3},
   pages = {170-185},
   ISSN = {1556-8318
1556-8334},
   DOI = {10.1080/15568318.2016.1230803},
   year = {2016},
   type = {Journal Article}
}

@article{RN72,
   author = {Liu, Liang and Hwang, Taesung and Lee, Sungwon and Ouyang, Yanfeng and Lee, Bumsoo and Smith, Steven J. and Tessum, Christopher W. and Marshall, Julian D. and Yan, Fang and Daenzer, Kathryn and Bond, Tami C.},
   title = {Health and climate impacts of future United States land freight modelled with global-to-urban models},
   journal = {Nature Sustainability},
   volume = {2},
   number = {2},
   pages = {105-112},
   ISSN = {2398-9629},
   DOI = {10.1038/s41893-019-0224-3},
   year = {2019},
   type = {Journal Article}
}

@onlinedatabase{RN174,
   author = {LondonDataStore},
   title = {Super Output Area Population (LSOA, MSOA), London of Work},
   year = {2015},
   type = {Online Database}

}

@article{RN61,
   author = {Lyons, Liliana and Lozano, Angélica and Granados, Francisco and Guzmán, Alejandro},
   title = {Impacts of time restriction on heavy truck corridors: The case study of Mexico City},
   journal = {Transportation Research Part A: Policy and Practice},
   volume = {102},
   pages = {119-129},
   ISSN = {09658564},
   DOI = {10.1016/j.tra.2017.03.012},
   year = {2017},
   type = {Journal Article}
}

@article{RN83,
   author = {Ma, Yu-Luen and Zhu, Xiaoyu and Hu, Xianbiao and Chiu, Yi-Chang},
   title = {The use of context-sensitive insurance telematics data in auto insurance rate making},
   journal = {Transportation Research Part A: Policy and Practice},
   volume = {113},
   pages = {243-258},
   ISSN = {09658564},
   DOI = {10.1016/j.tra.2018.04.013},
   year = {2018},
   type = {Journal Article}
}

@article{RN86,
   author = {Malik, Leeza and Tiwari, Geetam and Thakur, Snehalata and Kumar, Ashwani},
   title = {Assessment of freight vehicle characteristics and impact of future policy interventions on their emissions in Delhi},
   journal = {Transportation Research Part D: Transport and Environment},
   volume = {67},
   pages = {610-627},
   ISSN = {13619209},
   DOI = {10.1016/j.trd.2019.01.007},
   year = {2019},
   type = {Journal Article}
}

@article{RN141,
   author = {Michell, Tony and Shin, Buyong},
   title = {Assessing the effects of Trucking Regulation in Korea},
   journal = {The World Bank},
   number = {51346},
   pages = {1-78},
   year = {1986},
   type = {Journal Article}
}

@onlinedatabase{RN183,
   author = {MMDA},
   title = {Truck Ban Ordinance: Road Restrictions in Metro Manila of Work},
   url = {https://www.transportify.com.ph/road-restrictions/},
   year = {2019},
   type = {Online Database}

}

@article{RN85,
   author = {Muñoz-Villamizar, Andrés and Santos, Javier and Montoya-Torres, Jairo R. and Velázquez-Martínez, Josué C.},
   title = {Measuring environmental performance of urban freight transport systems: A case study},
   journal = {Sustainable Cities and Society},
   volume = {52},
   ISSN = {22106707},
   DOI = {10.1016/j.scs.2019.101844},
   year = {2020},
   type = {Journal Article}
}

@article{RN168,
   author = {Nyhan, Marguerite and Sobolevsky, Stanislav and Kang, Chaogui and Robinson, Prudence and Corti, Andrea and Szell, Michael and Streets, David and Lu, Zifeng and Britter, Rex and Barrett, Steven RH},
   title = {Predicting vehicular emissions in high spatial resolution using pervasively measured transportation data and microscopic emissions model},
   journal = {Atmospheric environment},
   volume = {140},
   pages = {352-363},
   ISSN = {1352-2310},
   year = {2016},
   type = {Journal Article}
}

@article{RN69,
   author = {Ocampo-Giraldo, Daniel M. and Gonzalez-Calderon, Carlos A. and Posada-Henao, John Jairo},
   title = {Assessment of trucking bans in urban areas as a strategy to reduce air pollution},
   journal = {Journal of Transport & Health},
   volume = {14},
   ISSN = {22141405},
   DOI = {10.1016/j.jth.2019.100589},
   year = {2019},
   type = {Journal Article}
}

@article{RN68,
   author = {O'Keeffe, K. P. and Anjomshoaa, A. and Strogatz, S. H. and Santi, P. and Ratti, C.},
   title = {Quantifying the sensing power of vehicle fleets},
   journal = {Proc Natl Acad Sci U S A},
   volume = {116},
   number = {26},
   pages = {12752-12757},
   ISSN = {1091-6490 (Electronic)
0027-8424 (Linking)},
   DOI = {10.1073/pnas.1821667116},
   url = {https://www.ncbi.nlm.nih.gov/pubmed/31186354},
   year = {2019},
   type = {Journal Article}
}

@article{RN71,
   author = {Olivia, M. and Yusuf, Nahry and Helen Yuliana Tambun, Grace and Marto, A. and Yamamoto, K. and Wishart, D. and Saputra, E. and Ketut Sudarsana, I. D. and Agus Ariawan, I. M. and Infantri Yekti, M. and Ridwan, R. and Wibisono, G. and Pringgana, G. and Andrio, D.},
   title = {The impact of truck access restriction on toll road traffic performance},
   journal = {MATEC Web of Conferences},
   volume = {276},
   ISSN = {2261-236X},
   DOI = {10.1051/matecconf/201927603013},
   year = {2019},
   type = {Journal Article}
}

@article{RN89,
   author = {Ping, Peng and Qin, Wenhu and Xu, Yang and Miyajima, Chiyomi and Takeda, Kazuya},
   title = {Impact of Driver Behavior on Fuel Consumption: Classification, Evaluation and Prediction Using Machine Learning},
   journal = {IEEE Access},
   volume = {7},
   pages = {78515-78532},
   ISSN = {2169-3536},
   DOI = {10.1109/access.2019.2920489},
   year = {2019},
   type = {Journal Article}
}

@inbook{RN62,
   author = {Powell, Bill and Chandran, Suresh},
   title = {Improving Fleet Management Strategy and Operational Intelligence with Predictive Analytics},
   booktitle = {Aligning Business Strategies and Analytics},
   series = {Advances in Analytics and Data Science},
   chapter = {Chapter 4},
   pages = {51-66},
   ISBN = {978-3-319-93298-9
978-3-319-93299-6},
   DOI = {10.1007/978-3-319-93299-6_4},
   year = {2019},
   type = {Book Section}
}

@article{RN139,
   author = {Quak, HJ and de Koster, MRBM},
   title = {Delivering goods in urban areas: how to deal with urban policy restrictions and the environment},
   journal = {Transportation science},
   volume = {43},
   number = {2},
   pages = {211-227},
   ISSN = {0041-1655},
   year = {2009},
   type = {Journal Article}
}

@article{RN88,
   author = {Quddus, Mohammed A. and Ochieng, Washington Yotto and Zhao, Lin and Noland, Robert B.},
   title = {A general map matching algorithm for transport telematics applications},
   journal = {GPS Solutions},
   volume = {7},
   number = {3},
   pages = {157-167},
   ISSN = {1080-5370
1521-1886},
   DOI = {10.1007/s10291-003-0069-z},
   year = {2003},
   type = {Journal Article}
}

@onlinedatabase{RN175,
   author = {SadlerConsultantsLtd.},
   title = {Urban Access Regulations in Europe of Work},
   url = {https://urbanaccessregulations.eu/countries-mainmenu-147},
   year = {2020},
   type = {Online Database}

}

@article{RN146,
   author = {Schiller, T and Maier, M and Büchle, M},
   title = {Global Truck Study 2016: The truck industry in transition},
   journal = {Deloitte},
   year = {2017},
   type = {Journal Article}
}

@inproceedings{RN145,
   author = {Stojanović, Dragan and Predić, Bratislav and Antolović, Igor and Đorđević-Kajan, Slobodanka},
   title = {Web information system for transport telematics and fleet management},
   booktitle = {International Conference on Telecommunication in Modern Satellite, Cable, and Broadcasting Services},
   publisher = {IEEE},
   pages = {314-317},
   ISBN = {1424443822},
   type = {Conference Proceedings}
}

@article{RN84,
   author = {Tang, Tianbo and You, Jianxin and Sun, Hui and Zhang, Hao},
   title = {Transportation Efficiency Evaluation Considering the Environmental Impact for China’s Freight Sector: A Parallel Data Envelopment Analysis},
   journal = {Sustainability},
   volume = {11},
   number = {18},
   ISSN = {2071-1050},
   DOI = {10.3390/su11185108},
   year = {2019},
   type = {Journal Article}
}

@article{RN167,
   author = {Tate, J. E. and Pellecuer, L. and Chapman, S.},
   title = {Better estimation of vehicle emissions for modelling using telematics data},
   journal = {Dispersion Modellers User Group (DMUG17)},
   year = {2017},
   type = {Journal Article}
}

@onlinedatabase{RN179,
   author = {TheCityofNewYork},
   title = {OFF-HOUR DELIVERIES of Work},
   url = {https://ohdnyc.com/},
   year = {2020},
   type = {Online Database}

}

@onlinedatabase{RN176,
   author = {Trans.info},
   title = {Truck traffic bans in Germany in 2020 of Work},
   url = {https://trans.info/en/truck-traffic-bans-in-germany-in-2020-169855},
   year = {2020},
   type = {Online Database}

}

@onlinedatabase{RN173,
   author = {TransportforLondon},
   title = {Travel in London report of Work},
   year = {2016},
   type = {Online Database}

}

@onlinedatabase{RN178,
   author = {U.S.FederalHighwayAdmin.},
   title = {Compilation of Existing State Truck Size and Weight Limit Laws of Work},
   url = {https://ops.fhwa.dot.gov/freight/policy/rpt_congress/truck_sw_laws/app_a.htm#il},
   year = {2020},
   type = {Online Database}

}

@article{RN148,
   author = {Walker, Guy and Manson, Alastair},
   title = {Telematics, urban freight logistics and low carbon road networks},
   journal = {Journal of Transport Geography},
   volume = {37},
   pages = {74-81},
   ISSN = {0966-6923},
   year = {2014},
   type = {Journal Article}
}

@article{RN67,
   author = {Wang, J. M. and Jeong, C. H. and Hilker, N. and Shairsingh, K. K. and Healy, R. M. and Sofowote, U. and Debosz, J. and Su, Y. and McGaughey, M. and Doerksen, G. and Munoz, T. and White, L. and Herod, D. and Evans, G. J.},
   title = {Near-Road Air Pollutant Measurements: Accounting for Inter-Site Variability Using Emission Factors},
   journal = {Environ Sci Technol},
   volume = {52},
   number = {16},
   pages = {9495-9504},
   ISSN = {1520-5851 (Electronic)
0013-936X (Linking)},
   DOI = {10.1021/acs.est.8b01914},
   url = {https://www.ncbi.nlm.nih.gov/pubmed/30021437},
   year = {2018},
   type = {Journal Article}
}

@onlinedatabase{RN161,
   author = {WHO},
   title = {Health topics: Air pollution of Work},
   year = {2020},
   type = {Online Database}

}

@article{RN151,
   author = {Yusuf, Nahry},
   title = {The impact of freight vehicle access restriction on the sustainability of Jakarta intra urban tollway system},
   journal = {Planning Malaysia},
   volume = {16},
   number = {5},
   ISSN = {0128-0945},
   year = {2018},
   type = {Journal Article}
}

@article{RN80,
   author = {Zhang, Shaojun and Wu, Ye and Yan, Han and Du, Xuan and Max Zhang, K. and Zheng, Xuan and Fu, Lixin and Hao, Jiming},
   title = {Black carbon pollution for a major road in Beijing: Implications for policy interventions of the heavy-duty truck fleet},
   journal = {Transportation Research Part D: Transport and Environment},
   volume = {68},
   pages = {110-121},
   ISSN = {13619209},
   DOI = {10.1016/j.trd.2017.07.013},
   year = {2019},
   type = {Journal Article}
}

@article{RN153,
   author = {Zhao, Boshuai and Zhang, Juliang and Wei, Wenchao},
   title = {Impact of time restriction and logistics sprawl on urban freight and environment: the case of Beijing agricultural freight},
   journal = {Sustainability},
   volume = {11},
   number = {13},
   pages = {3675},
   year = {2019},
   type = {Journal Article}
}

@article{RN159,
   author = {Zhao, L},
   title = {An extended Kalman filter algorithm for in-tegrating GPS and low cost dead reckoning system data for vehicle performance and emissions monitoring},
   journal = {The journal of Navigation},
   volume = {56},
   number = {2},
   pages = {257-275},
   year = {2003},
   type = {Journal Article}
}

